@article{gustafsson2016best,
  title={The best model of a cat is several cats},
  author={Gustafsson, Claes and Vallverd{\'u}, Jordi},
  journal={Trends in biotechnology},
  volume={34},
  number={3},
  pages={207--213},
  year={2016},
  publisher={Elsevier}
}

@article{hamid2015surface,
  title={Surface modification of SU-8 for enhanced cell attachment and proliferation within microfluidic chips},
  author={Hamid, Qudus and Wang, Chengyang and Snyder, Jessica and Sun, Wei},
  journal={Journal of Biomedical Materials Research Part B: Applied Biomaterials},
  volume={103},
  number={2},
  pages={473--484},
  year={2015},
  publisher={Wiley Online Library}
}





@article{eerkes2015sponge,
  title={Sponge cell aggregation: checkpoints in development indicate a high level of organismal complexity},
  author={Eerkes-Medrano, Dafne and Feehan, Colette J and Leys, Sally P},
  journal={Invertebrate biology},
  volume={134},
  number={1},
  pages={1--18},
  year={2015},
  publisher={Wiley Online Library}
}


@article{riesgo2014analysis,
  title={The analysis of eight transcriptomes from all poriferan classes reveals surprising genetic complexity in sponges},
  author={Riesgo, Ana and Farrar, Nathan and Windsor, Pamela J and Giribet, Gonzalo and Leys, Sally P},
  journal={Molecular biology and evolution},
  volume={31},
  number={5},
  pages={1102--1120},
  year={2014},
  publisher={Oxford University Press}
}

@article{srivastava2010amphimedon,
  title={The Amphimedon queenslandica genome and the evolution of animal complexity},
  author={Srivastava, Mansi and Simakov, Oleg and Chapman, Jarrod and Fahey, Bryony and Gauthier, Marie EA and Mitros, Therese and Richards, Gemma S and Conaco, Cecilia and Dacre, Michael and Hellsten, Uffe and others},
  journal={Nature},
  volume={466},
  number={7307},
  pages={720},
  year={2010},
  publisher={Nature Publishing Group}
}


@article{mortimer2018classifying,
  title={Classifying elephant behaviour through seismic vibrations},
  author={Mortimer, Beth and Rees, William Lake and Koelemeijer, Paula and Nissen-Meyer, Tarje},
  journal={Current Biology},
  volume={28},
  number={9},
  pages={R547--R548},
  year={2018},
  publisher={Elsevier}
}
